@article{angleConversion,
	author = {tomvds},
	year = {2008},
	title = {Euler, Quaternions, Radians, Degrees... huh?},
	journal = {Unity Forums},
	note = {
		\\ \url{https://forum.unity.com/threads/euler-quaternions-radians-degrees-huh.53407/}
		\\ Accessed: 2022-04-11
	}
}

@article{configJoints,
	author = {Vladimir T},
	year = {2020},
	title = {Luna Tech Series: A Deep Dive into Unity Configurable Joints},
	journal = {Luna Labs},
	note = {
		\\ \url{https://medium.com/luna-labs-ltd/luna-tech-series-a-deep-dive-into-unity-configurable-joints-96c49138b9b7}
		\\ Accessed: 2022-04-11
	}
}

@article{angularMomentum,
	author = {Komal Rafay},
	year = {2022},
	title = {Angular Momentum Calculator},
	journal = {Omni Calculator},
	note = {
		\\ \url{https://www.omnicalculator.com/physics/angular-momentum}
		\\ Accessed: 2022-04-11
	}
}
