@article{empty,
	author = {},
	year = {},
	title = {},
	journal = {},
	note = {
		\\
		\\ Accessed: 2022-
	}
}

@article{octopusRobot,
	author = {Matteo Cianchetti},
	year = {2015},
	title = {Bioinspired locomotion and grasping in water: the soft eight-arm OCTOPUS robot},
	journal = {Bioinspiration \& Biomimetics},
	note = {
		\\https://iopscience.iop.org/article/10.1088/1748-3190/10/3/035003
		\\ Accessed: 2022-04-10
	}
}
