@article{empty,
	author = {},
	year = {},
	title = {},
	journal = {},
	note = {
		\\
		\\ Accessed: 2022-
	}
}

@article{proceduralToolkit,
	author = {Syomus},
	year = {2021},
	title = {ProceduralToolkit},
	journal = {GitHub},
	note = {
		\\https://github.com/Syomus/ProceduralToolkit
		\\ Accessed: 2022-04-10
	}
}