@article{angleConversion,
	author = {tomvds},
	year = {2008},
	title = {Euler, Quaternions, Radians, Degrees... huh?},
	journal = {Unity Forums},
	note = {
		\\ \url{https://forum.unity.com/threads/euler-quaternions-radians-degrees-huh.53407/}
		\\ Accessed: 2022-04-11
	}
}

@article{configJoints,
	author = {Vladimir T},
	year = {2020},
	title = {Luna Tech Series: A Deep Dive into Unity Configurable Joints},
	journal = {Luna Labs},
	note = {
		\\ \url{https://medium.com/luna-labs-ltd/luna-tech-series-a-deep-dive-into-unity-configurable-joints-96c49138b9b7}
		\\ Accessed: 2022-04-11
	}
}

@article{angularMomentum,
	author = {Komal Rafay},
	year = {2022},
	title = {Angular Momentum Calculator},
	journal = {Omni Calculator},
	note = {
		\\ \url{https://www.omnicalculator.com/physics/angular-momentum}
		\\ Accessed: 2022-04-11
	}
}

@article{circlePoints,
	author = {David K},
	year = {2018},
	title = {Plot points around circumference of circle in 3D space given 3 points},
	journal = {StackExchange},
	note = {
		\\ \url{https://math.stackexchange.com/questions/3007243/plot-points-around-circumference-of-circle-in-3d-space-given-3-points}
		\\ Accessed: 2022-04-12
	}
}

@article{collisionForce,
	author = {Serlite},
	year = {2016},
	title = {Getting collision contact force},
	journal = {StackOverflow},
	note = {
		\\ \url{https://stackoverflow.com/questions/36387753/getting-collision-contact-force}
		\\ Accessed: 2022-04-12
	}
}

@article{randomRepeating,
	author = {Arycama},
	year = {2015},
	title = {Random.Range always generates the exact same numbers in Start()},
	journal = {Unity Forums},
	note = {
		\\ \url{https://answers.unity.com/questions/1072318/randomrange-always-generates-the-exact-same-number.html}
		\\ Accessed: 2022-04-12
	}
}

@article{layerMethod,
	author = {Draco18s no longer trusts SE},
	year = {2018},
	title = {unity - how two objects with rigidbody can pass through each other?},
	journal = {StackOverflow},
	note = {
		\\ \url{https://stackoverflow.com/questions/48461267/unity-how-two-objects-with-rigidbody-can-pass-through-each-other}
		\\ Accessed: 2022-04-12
	}
}

@article{spherePoints,
	author = {Fnord},
	year = {2014},
	title = {Evenly distributing n points on a sphere},
	journal = {StackOverflow},
	note = {
		\\ \url{https://stackoverflow.com/questions/9600801/evenly-distributing-n-points-on-a-sphere}
		\\ Accessed: 2022-04-12
	}
}
