@article{empty,
	author = {},
	year = {},
	title = {},
	journal = {},
	note = {
		\\ \url{}
		\\ Accessed: 2022-
	}
}

@article{visualRobot,
	author = {Lihui Wang and Bernard Schmidt and Andrew Nee},
	year = {2013},
	title = {Vision-guided active collision avoidance for human-robot collaborations},
	journal = {Manufacturing Letters},
	note = {
		\\ \url{https://www.sciencedirect.com/science/article/pii/S2213846313000023}
		\\ Accessed: 2022-05-07
	}
}

@article{giraffeNerve,
	author = {Mathew Wedel},
	year = {2011},
	title = {A Monument of Inefficiency: The Presumed Course of the Recurrent Laryngeal Nerve in Sauropod Dinosaurs},
	journal = {Acta Palaeontologica Polonica},
	note = {
		\\ \url{https://doi.org/10.4202/app.2011.0019}
		\\ Accessed: 2022-04-19
	}
}

@article{evolutionGym,
	author = {Jagdeep Singh Bhatia and Holly Jackson and Yunsheng Tian and Jie Xu and Wojciech Matusik},
	year = {2021},
	title = {Evolution Gym: A Large-Scale Benchmark for
Evolving Soft Robots},
	journal = {NeurIPS},
	note = {
		\\ \url{https://openreview.net/pdf?id=lM2971LAwV}
		\\ Accessed: 2022-04-15
	}
}

@article{redLizard,
	author = {Josabel Belliure and Bel\'en Fresnilli and Jos\'e Cuervo},
	year = {2018},
	title = {Male mate choice based on female coloration in a lizard: the role of a juvenile trait},
	journal = {Behavioural Ecology},
	note = {
		\\ \url{https://academic.oup.com/beheco/article/29/3/543/4839801?login=false}
		\\ Accessed: 2022-04-15
	}
}

@article{lizardWeapon,
	author = {A Kristopher Lappin and Jerry Husak},
	year = {2005},
	title = {Weapon performance, not size, determines mating success and potential reproductive output in the collared lizard (crotaphytus collaris)},
	journal = {The American Naturalist},
	note = {
		\\ \url{https://www.journals.uchicago.edu/doi/10.1086/432564}
		\\ Accessed: 2022-04-14
	}
}

@article{antMating,
	author = {Diane Wiernasz and Christina Perroni and Blaine Cole},
	year = {2004},
	title = {Polyandry and fitness in the western harvester ant, Pogonomyrmex occidentalis},
	journal = {Molecular Ecology},
	note = {
		\\ \url{https://onlinelibrary.wiley.com/doi/10.1111/j.1365-294X.2004.02153.x}
		\\ Accessed: 2022-04-15
	}
}

@article{incest,
	author = {Ohad Bar Siman Tov and J David Schaffer and Kenneth McLeod},
	year = {2013},
	title = {Developing an Evolutionary
Algorithm to Search for an Optimal
Multi-Mother Wavelet Packets
Combination},
	journal = {Biomedical Science and Engineering},
	note = {
		\\ \url{https://www.scirp.org/pdf/JBiSE_2015072815123972.pdf}
		\\ Accessed: 2022-4-15
	}
}

@article{mscAdams,
	author = {MSC Adams},
	year = {2022},
	title = {MSC Adams - The Multibody Dynamics Simulation Solution},
	journal = {Hexagon},
	note = {
		\\ \url{https://www.mscsoftware.com/product/adams}
		\\ Accessed: 2022-04-15
	}
}

@article{gaussian,
	author = {Paras Chopra},
	year = {2019},
	title = {Reinforcement learning without gradients: evolving agents using Genetic Algorithms},
	journal = {Towards Data Science},
	note = {
		\\ \url{https://towardsdatascience.com/reinforcement-learning-without-gradients-evolving-agents-using-genetic-algorithms-8685817d84f}
		\\ Accessed: 2022-04-15
	}
}

@article{gaProsCons,
	author = {Xin-She Yang},
	year = {2021},
	title = {Genetic Algorithms},
	journal = {Nature-Inspired Optimization Algorithms},
	note = {
		\\ \url{https://www.sciencedirect.com/topics/engineering/genetic-algorithm}
		\\ Accessed: 2022-04-15
	}
}

@article{gaIntro,
	author = {Melanie Mitchell},
	year = {1998},
	title = {An Introduction to Genetic Algorithms},
	journal = {MIT Press},
	pages = {4, 8, 116},
}

@article{modularRobotBackground,
	author = {Xiaofeng Ye and Yanpeng Niu and Hui Wang and Tianhua Meng},
	year = {2010},
	title = {Locomotion control for a modular snake robot over rough terrain},
	journal = {IEEE},
	note = {
		\\ \url{https://ieeexplore.ieee.org/document/5567368}
		\\ Accessed: 2022-04-13
	}
}

@article{animalCollisionResponse,
	author = {William Schiff},
	year = {1965},
	title = {Perception of impending collision: A study of visually directed avoidant behavior},
	journal = {Psychological Monographs},
	note = {
		\\ \url{https://doi.apa.org/doiLanding?doi=10.1037%2Fh0093887}
		\\ Accessed: 2022-04-13
	}
}

@article{timeToCollision,
	author = {David Lee},
	year = {1976},
	title = {A theory of visual control of braking based on
information about time-to-collision 
},
	journal = {Perception},
	note = {
		\\ \url{https://journals.sagepub.com/doi/10.1068/p050437}
		\\ Accessed: 2022-04-13
	}
}

@article{situatedness,
	author = {Federico {Da Rold}},
	year = {2018},
	title = {Defining embodied cognition: The problem of situatedness},
	journal = {New Ideas in Psychology},
	note = {
		\\ \url{https://doi.org/10.1016/j.newideapsych.2018.04.001}
		\\ Accessed: 2022-04-13
	}
}

@article{dft,
	author = {Wolfram Erlhagen and Gregor Sch\"{o}ner},
	year = {2002},
	title = {Dynamic Field Theory of Movement Preparation},
	journal = {Psychological Review},
	note = {
		\\ \url{https://www.researchgate.net/publication/11287764_Dynamic_field_theory_of_movement_preparation}
		\\ Accessed: 2022-04-13
	}
}

@article{partialPrograms,
	author = {Andy Clark},
	year = {1997},
	title = {Being There: Putting Brain, Body and World Together Again},
	journal = {MIT Press},
}

@article{babyStepping,
	author = {E Thelan and L Smith},
	year = {1994},
	title = {A dynamic systems approach to the development of cognition and action},
	journal = {MIT Press},
	pages = {263-266},
}

@article{mindware,
	author = {Andy Clark},
	year = {2001},
	title = {Mindware: An introduction to the philosophy of cognitive science},
	journal = {Oxford University Press},
	pages = {120-139},
}

@article{agama,
	author = {Thomas Libby and Talia Moore and Evan Chang-Siu and Deborah Li and Daniel Cohen and Ardian Jusufi and Robert Full},
	year = {2012},
	title = {Tail-assisted pitch control in lizards, robots and dinosaurs},
	journal = {nature},
	note = {
		\\ \url{https://www.nature.com/articles/nature10710}
		\\ Accessed: 2022-04-13
	}
}

@article{reptileLocomotion,
	author = {R McNeill Alexander},
	year = {2012},
	title = {Locomotion of Reptiles},
	journal = {Herpetological Bulletin},
	note = {
		\\ \url{https://www.thebhs.org/publications/the-herpetological-bulletin/issue-number-121-autumn-2012/3-1-locomotion-in-reptiles/file}
		\\ Accessed: 2022-04-13
	}
}

@article{bodyOscillation,
	author = {Jeongryul Kim and Hongmin Kim and Youngsoo Kim and Jaehung Park and TaeWon Seo and Hwa Soo Kim and Jongwon Kim},
	year = {2019},
	title = {A New Lizard-Inspired Robot With S-Shaped Lateral Body Motions},
	journal = {IEEE},
	note = {
		\\ \url{https://ieeexplore.ieee.org/document/8902059}
		\\ Accessed: 2022-04-13
	}
}

@article{cpgDefinition,
	author = {E Marder and D Bucher},
	year = {2001},
	title = {Central pattern generators and the control of rhythmic movements},
	journal = {Current Biology},
	note = {
		\\ \url{https://pubmed.ncbi.nlm.nih.gov/11728329/}
		\\ Accessed: 2022-04-13
	}
}

@article{snakeMovement,
	author = {Siddartha Reddy},
	year = {2020},
	title = {How do Snakes Move?},
	journal = {Learn Natural Farming},
	note = {
		\\ \url{https://learnnaturalfarming.com/how-do-snakes-move/}
		\\ Accessed: 2022-04-13
	}
}

@article{modularDesign,
	author = {Eleni Kelasidi and Anthony Tzes},
	year = {2012},
	title = {Serpentine motion control of snake robots for curvature and heading based trajectory - parameterization},
	journal = {IEEE},
	note = {
		\\ \url{https://ieeexplore.ieee.org/document/6265693}
		\\ Accessed: 2022-04-13
	}
}

@article{prayingMantis,
	author = {Malcolm Burrows and Darron Cullen and Marina Dorosenko and Gregory Sutton},
	year = {2015},
	title = {Mantises Exchange Angular Momentum between Three Rotating Body Parts to Jump Precisely to Targets},
	journal = {Current Biology},
	note = {
		\\ \url{https://doi.org/10.1016/j.cub.2015.01.054}
		\\ Accessed: 2022-04-12
	}
}

@article{catsLanding,
	author = {Jared Diamond},
	year = {1988},
	title = {Why cats have nine lives},
	journal = {nature},
	note = {
		\\ \url{https://www.nature.com/articles/332586a0}
		\\ Accessed: 2022-04-12
	}
}

@article{agamaVideo,
	author = {{UC Berkeley}},
	year = {2012},
	title = {UC Berkeley Leaping Lizard \& Robot},
	journal = {YouTube},
	note = {
		\\ \url{https://www.youtube.com/watch?v=jOUAIRbrv6s}
		\\ Accessed: 2022-04-12
	}
}

@article{octopusRobot,
	author = {Matteo Cianchetti},
	year = {2015},
	title = {Bioinspired locomotion and grasping in water: the soft eight-arm OCTOPUS robot},
	journal = {Bioinspiration \& Biomimetics},
	note = {
		\\ \url{https://iopscience.iop.org/article/10.1088/1748-3190/10/3/035003}
		\\ Accessed: 2022-04-10
	}
}

@article{antsBeach,
	author = {Simon Herbert},
	year = {1996},
	title = {The Sciences of the Artificial},
	journal = {MIT Press},
	pages = {51},
	note = {
		\\ \url{https://monoskop.org/images/9/9c/Simon_Herbert_A_The_Sciences_of_the_Artificial_3rd_ed.pdf}
		\\ Accessed: 2022-04-11
	}
}

@article{cpgRobot,
	author = {Tony Dear and Blake Buchanon and Rodrigo Abrajan-Guerrero},
	year = {2020},
	title = {Locomotion of a multi-link non-holonomic snake robot with passive joints},
	journal = {The International Journal of Robotics Research},
		note = {
		\\ \url{https://journals.sagepub.com/doi/10.1177/0278364919898503}
		\\ Accessed: 2022-04-11
	}
}

@article{salamandra,
	author = {Alessandro Crespi and Konstantinos Karakasiliotis and Andre Guignard and Auke Jan Ijspeert},
	year = {2013},
	title = {Salamandra Robotica II: An Amphibious Robot to Study Salamander-Like Swimming and Walking Gaits},
	journal = {IEEE},
	note = {
		\\ \url{https://ieeexplore.ieee.org/document/6416074}
		\\ Accessed: 2022-04-12
	}
}

@article{fibonacci,
	author = {Martin Roberts},
	year = {2020},
	title = {How to evenly distribute points on a sphere more effectively than the canonical Fibonacci Lattice},
	journal = {Extreme Learning},
	note = {
		\\ \url{http://extremelearning.com.au/how-to-evenly-distribute-points-on-a-sphere-more-effectively-than-the-canonical-fibonacci-lattice/}
		\\ Accessed: 2022-04-12
	}
}

@article{antCars,
	author = {{Plataforma SINC}},
	year = {2008},
	title = {Self-steering Vehicle Designed To Mimic Movements Of Ants.},
	journal = {ScienceDaily},
	note = {
		\\ \url{https://www.sciencedaily.com/releases/2008/09/080917074130.htm}
		\\ Accessed: 2022-04-12
	}
}
