@article{proceduralToolkit,
	author = {Syomus},
	year = {2021},
	title = {ProceduralToolkit},
	journal = {GitHub},
	note = {
		\\ \url{https://github.com/Syomus/ProceduralToolkit}
		\\ Accessed: 2022-04-10
	}
}

@article{diagrams,
	author = {Paul Seeburger},
	year = {2021},
	title = {CalcPlot3D},
	journal = {LibreTexts},
	note = {
		\\ \url{https://c3d.libretexts.org/CalcPlot3D/index.html}
		\\ Accessed: 2022-04-11
	}
}

@article{np,
	author = {NumPy},
	year = {2021},
	title = {NumPy 1.22.0},
	journal = {NumPy},
	note = {
		\\ \url{https://numpy.org/}
		\\ Accessed: 2022-04-12
	}
}

@article{colab,
	author = {Google},
	year = {2022},
	title = {Colaboratory},
	journal = {Google},
	note = {
		\\ \url{https://colab.research.google.com/?utm_source=scs-index}
		\\ Accessed: 2022-04-12
	}
}

@article{plt,
	author = {matplotlib},
	year = {2021},
	title = {MatPlotLib 3.5.1},
	journal = {matplotlib},
	note = {
		\\ \url{https://matplotlib.org/stable/index.html}
		\\ Accessed: 2022-04-12
	}
}

@article{pd,
	author = {pandas},
	year = {2022},
	title = {Pandas 1.4.2},
	journal = {pandas},
	note = {
		\\ \url{https://pandas.pydata.org/}
		\\ Accessed: 2022-04-12
	}
}

@article{drawio,
	author = {jgraph},
	year = {2022},
	title = {drawio-desktop},
	journal = {GitHub},
	note = {
		\\ \url{https://github.com/jgraph/drawio-desktop/releases/tag/v17.4.2}
		\\ Accessed: 2022-04-12
	}
}

@article{graphs,
	author = {Desmos},
	year = {2022},
	title = {Graphing Calculator - Desmos},
	journal = {Desmos},
	note = {
		\\ \url{https://www.desmos.com/calculator}
		\\ Accessed: 2022-04-12
	}
}